<?xml version="1.0" encoding="UTF-8"?><record xmlns="http://www.loc.gov/MARC21/slim" xmlns:cinclude="http://apache.org/cocoon/include/1.0" xmlns:zs="http://www.loc.gov/zing/srw/">
  <leader>00745cz  a2200193n  4500</leader>
  <controlfield tag="001">nr2004025576</controlfield>
  <controlfield tag="003">DLC</controlfield>
  <controlfield tag="005">20130322110242.0</controlfield>
  <controlfield tag="008">040825n| azannaabn          |a aaa     c</controlfield>
  <datafield tag="010" ind1=" " ind2=" ">
    <subfield code="a">nr2004025576</subfield>
  </datafield>
  <datafield tag="035" ind1=" " ind2=" ">
    <subfield code="a">(Uk)sb008540</subfield>
  </datafield>
  <datafield tag="040" ind1=" " ind2=" ">
    <subfield code="a">CU-RivES</subfield>
    <subfield code="b">eng</subfield>
    <subfield code="e">rda</subfield>
    <subfield code="c">CU-RivES</subfield>
    <subfield code="d">DLC</subfield>
  </datafield>
  <datafield tag="046" ind1=" " ind2=" ">
    <subfield code="f">[1563,1564]</subfield>
    <subfield code="g">1627</subfield>
    <subfield code="2">edtf</subfield>
  </datafield>
  <datafield tag="100" ind1="1" ind2=" ">
    <subfield code="a">Rant, William,</subfield>
    <subfield code="d">1563 or 1564-1627</subfield>
  </datafield>
  <datafield tag="400" ind1="1" ind2=" ">
    <subfield code="a">Rant, G.</subfield>
    <subfield code="q">(Guilimus),</subfield>
    <subfield code="d">1563 or 1564-1627</subfield>
  </datafield>
  <datafield tag="400" ind1="1" ind2=" ">
    <subfield code="w">nnea</subfield>
    <subfield code="a">Rant, William,</subfield>
    <subfield code="d">1563 or 4-1627</subfield>
  </datafield>
  <datafield tag="667" ind1=" " ind2=" ">
    <subfield code="a">Data provided by the ESTC/BL</subfield>
  </datafield>
  <datafield tag="670" ind1=" " ind2=" ">
    <subfield code="a">His Ex dono G. Rant socij huius collegij, 1595?</subfield>
  </datafield>
  <datafield tag="670" ind1=" " ind2=" ">
    <subfield code="a">Alumni Cantab.:</subfield>
    <subfield code="b">pt 1. (Rant, William; adm. Caius, 1581 aged 17; BA 1585; MA 1588; MD 1597; fellow 1559-96; Dean 1593; practised medicine at Norwich; buried 1627)</subfield>
  </datafield>
</record>